@book{bookProgInLua,
  title={{Programming in Lua}},
  author={Roberto Ierusalimschy},
  isbn={85-903798-2-5},
  year={2006},
  publisher={Lua.org},
  address = {Rio de Janeiro}
}


@article{multiParadigms,
    author = {Roberto Ierusalimschy},
    journal = {Proceedings of the 18th International Workshop on Functional and (Constraint) Logic Programming},
    keywords = {computability, entscheidungsproblem, turing},
    pages = {5â€“13},
    title = {{Programming with multiple paradigms in Lua}},
    year = {2009},
    note = {on-line at: \url{www.inf.puc-rio.br/%7Eroberto/docs/ry09-03.pdf}}
}

@misc{lua_org_iterators,
title = {{Lua.org}},
note = {on-line at: \url{https://www.lua.org/pil/7.1.html}},
    author = {Roberto Ierusalimschy},
    year = {2003-2004}
}

@misc{keplerProject,
title = {{Kepler Project}},
note = {on-line at: \url{https://keplerproject.github.io/cgilua/}},
year = {2003}
}